<record><leader>00000cas a22000007a 4500</leader><controlfield tag="001">16137959</controlfield><controlfield tag="008">870707d18861886txuwr ne      0    0eng d</controlfield><datafield ind1=" " ind2=" " tag="010"><subfield code="a">sn 87090415 </subfield></datafield><datafield ind1=" " ind2=" " tag="040"><subfield code="a">PPM</subfield><subfield code="b">eng</subfield><subfield code="c">PPM</subfield><subfield code="d">OCLCQ</subfield></datafield><datafield ind1=" " ind2=" " tag="042"><subfield code="a">msc</subfield></datafield><datafield ind1="0" ind2="4" tag="245"><subfield code="a">The Texas eagle.</subfield></datafield><datafield ind1=" " ind2=" " tag="260"><subfield code="a">Ballinger, Tex. :</subfield><subfield code="b">I.C. Huege</subfield></datafield><datafield ind1=" " ind2=" " tag="310"><subfield code="a">Weekly</subfield></datafield><datafield ind1="1" ind2=" " tag="362"><subfield code="a">Began Feb. 11, 1886; ceased in 1886?</subfield></datafield><datafield ind1=" " ind2=" " tag="588"><subfield code="a">Description based on: Vol. 5, no. 9 (Oct. 16, 1886).</subfield></datafield><datafield ind1=" " ind2=" " tag="752"><subfield code="a">United States</subfield><subfield code="b">Texas</subfield><subfield code="c">Runnels</subfield><subfield code="d">Ballinger.</subfield></datafield><datafield ind1="0" ind2="0" tag="780"><subfield code="t">Runnels record</subfield><subfield code="w">(DLC)sn 86088844</subfield></datafield><datafield ind1="0" ind2="0" tag="785"><subfield code="t">Ballinger eagle</subfield><subfield code="w">(DLC)sn 86088845</subfield></datafield></record>